CSGO

https://csgo-ranks.com/elo/

http://revistadedalo.com/clasificacion-elo-csgo-guia-detallada/

LoL

https://www.redbull.com/us-en/the-league-ranked-system-explained#:~:text=The%20nine%20tiers%2C%20or%20ranks,Master%2C%20GrandMaster%2C%20and%20Challenger.

Rocket League

https://www.theloadout.com/rocket-league/ranks

Street Fighters

https://agoners.wordpress.com/2019/01/12/street-fighter-v-competitive-gaming-review/

Overwatch

https://towardsdatascience.com/the-math-behind-your-competitive-overwatch-match-a5184fc5a50f#:~:text=Very%20broadly%2C%20this%20is%20how,player%20with%20a%20lower%20SR.

