CSGO

https://csgo-ranks.com/elo/

http://revistadedalo.com/clasificacion-elo-csgo-guia-detallada/

LoL

https://www.redbull.com/us-en/the-league-ranked-system-explained#:~:text=The%20nine%20tiers%2C%20or%20ranks,Master%2C%20GrandMaster%2C%20and%20Challenger.

Rocket League

https://www.theloadout.com/rocket-league/ranks

Street Fighters

https://agoners.wordpress.com/2019/01/12/street-fighter-v-competitive-gaming-review/

Overwatch

https://towardsdatascience.com/the-math-behind-your-competitive-overwatch-match-a5184fc5a50f#:~:text=Very%20broadly%2C%20this%20is%20how,player%20with%20a%20lower%20SR.

EloSystem 
https://mattmazzola.medium.com/implementing-the-elo-rating-system-a085f178e065

https://rosettacode.org/wiki/Statistics/Normal_distribution#Lua (17/5/2021)

@ONLINE {wikipediaElo,
    title = "Elo rating system",
    organization = "Wikipedia",
    year = {(2021)},
    url   = "https://en.wikipedia.org/wiki/Elo_rating_system",
    note = {[en línia]},
    urldate = {2021-02-26}, 
}

 @ONLINE{ importantCompetitions, 
    title={Los 10 Eventos de eSports Más Esperados en 2021},
    organization = {Influencer Marketing Hub},
    year={2021},
    url={https://influencermarketinghub.com/es/principales-10-eventos-de-esports/}, 
    note = {[en línia]},
    urldate = {2021-05-23},
}

@ONLINE{ visitesYT,
    title = {¡Ni Fortnite ni GTA V! Minecraft y Roblox, los videojuegos más vistos en YouTube en 2020},
    organization = {Grupo Milenio},
    year = {2020},
    url={https://www.milenio.com/tecnologia/youtube-gaming-minecraft-roblox-vistos-2020},
    note = {[en línia]},
    urldate = {2021-05-23},
} 

@ONLINE{ visitesTwitch,
    title = {Los 20 mejores juegos para empezar a streamear en Twitch y consejos para encontrar el juego que te conseguirá un montón de seguidores},
    organization = {Business Insider},
    year = {2021},
    url={https://www.businessinsider.es/20-mejores-juegos-empezar-streamear-exito-twitch-798681},
    note = {[en línia]},
    urldate = {2021-05-23},
} 

@ONLINE {VidogamesMoreMoney,
    title = "Videogames are a bigger industry than movies and North American sports combined, thanks to the pandemic",
    organization = "MarketWatch",
    year = {(2020)},
    url = "https://www.marketwatch.com/story/videogames-are-a-bigger-industry-than-sports-and-movies-combined-thanks-to-the-pandemic-11608654990",
    note = {[en línia]},
    urldate = {2021-02-26},
}

@ONLINE {matchmakingDef,
    title = "Definición de Matchmaking",
    organization = "GamerDic, Diccionario online de términos sobre videojuegos y cultura gamer",
    year = {(2020)},
    url = "http://www.gamerdic.es/termino/matchmaking",
    note = {[en línia]},
    urldate = {2021-02-27},
}

@ONLINE {EloSystemRemi,
    title ="Elo",
    author = "RemiFabre",
    organization = "Github",
    year = {(2020)},
    url = "https://github.com/RemiFabre/Elo",
    note = {[en línia]},
    urldate = {2021-02-27},
}

@ONLINE {EloSystemCardsorg,
    title ="Elo",
    author = "cardsorg",
    organization = "Github",
    year = {(2018)},
    url = "https://github.com/cardsorg/Elo",
    note = {[en línia]},
    urldate = {2021-02-27},
}

@ONLINE {EloSystemiain,
    title ="Elo",
    author = "iain",
    organization = "Github",
    year = {(2015)},
    url = "https://github.com/iain/Elo",
    note = {[en línia]},
    urldate = {2021-02-27},
}

@ONLINE {EloSystemOmnicalculator,
    title ="Elo Calculator",
    author = "Wojciech Sas",
    organization = "Omnicalculator",
    year = {(2020)},
    url = "https://www.omnicalculator.com/sports/elo",
    note = {[en línia]},
    urldate = {2021-02-27},
}


@ONLINE {waterfallModel,
    title = "The Ultimate Guide... Waterfall Model",
    organization = "Project Manager",
    year = {(2021)},
    url = "https://www.projectmanager.com/waterfall-methodology",
    note = {[en línia]},
    urldate = {2021-02-28},
}

@ONLINE {waterfallTutorialsPoint,
    title = "SDLC - Waterfall Model",
    organization = "Tutorials Point",
    url = "https://www.tutorialspoint.com/sdlc/sdlc_waterfall_model.htm",
    note = {[en línia]},
    urldate = {2021-02-28},
}

@ONLINE {waterfallImage,
    title = "Waterfall Model",
    organization = "Castellan Systems",
    year = {(2021)},
    url = "https://castellansystems.com/kb/Waterfall.cshtml",
    note = {[en línia]},
    urldate = {2021-02-28},
}

@ONLINE {agileVsWaterfall,
    title = "Agile Vs Waterfall: Know the Difference Between Methodologies",
    organization = "Guru99",
    url = "https://www.guru99.com/waterfall-vs-agile.html",
    note = {[en línia]},
    urldate = {2021-02-28},
}

@ONLINE {luaAbout,
    title ="Lua - About",
    organization = "Lua",
    year = {(2020)},
    url = "http://www.lua.org/about.html",
    note = {[en línia]},
    urldate = {2021-02-28},
}

@ONLINE {wikipediaLatex,
    title = "Latex",
    organization = "Wikipedia",
    year = {(2021)},
    url   = "https://es.wikipedia.org/wiki/LaTeX",
    note = {[en línia]},
    urldate = {2021-05-22}, 
}

@ONLINE {Github,
    title = "Github",
    organization = "Github",
    url = "https://github.com/",
    note = {[en línia]},
    urldate = {2021-02-28},
}

@ONLINE {GoogleMeet,
    title = "Google Meet",
    organization = "Google",
    url = "https://meet.google.com/",
    note = {[en línia]},
    urldate = {2021-03-03},
}

@ONLINE {tecnoEmpleo,
    title = "Informe Empleo Informática - Marzo 2021",
    organization = "Tecnoempleo.com",
    year = {(2021)},
    url = "https://www.tecnoempleo.com/informe-empleo-informatica.php",
    note = {[en línia]},
    urldate = {2021-03-12},
}

@ONLINE {HPLaptop,
    title = "Portátil - HP Laptop 15s-fq2023ns",
    organization = "MediaMarkt",
    url = "https://www.mediamarkt.es/es/product/_port%C3%A1til-hp-laptop-15s-fq2023ns-15-6-fhd-intel%C2%AE-core%E2%84%A2-i7-1165g7-8gb-512gb-ssd-freedos-plata-1501323.html?utm_source=google&utm_medium=cpc&utm_campaign=MM_ES_SEARCH_GOOGLE_CATEGORIES_PLA_PLA-SMART_INFORMATICA_ALL_ALL&gclsrc=aw.ds&ds_rl=1280902&gclid=Cj0KCQiAv6yCBhCLARIsABqJTjYtER5eRifKONq1I3QUJGQqBKmUF7XDuEekP9o2alsEAo65HPtRDWUaAugWEALw_wcB",
    note = {[en línia]},
    urldate = {2021-03-13},
}

@ONLINE {HPRatoli,
    title = "HP 220 Ratón inalámbrico",
    organization = "HP",
    url = "https://www.pccomponentes.com/hp-200-raton-inalambrico-1000-dpi?gclid=CjwKCAiA4rGCBhAQEiwAelVti4ipabfJailk5V-02t3Om42P_9Yjes_Pey8tgRX263Vp5Q3fZlPFSBoCjv8QAvD_BwE&gclsrc=aw.ds",
    note = {[en línia]},
    urldate = {2021-03-13},
}

@ONLINE {Windows,
    title = "Windows 10 Home",
    organization = "Microsoft",
    url = "https://www.microsoft.com/es-es/p/windows-10-home/D76QX4BZNWK4?icid=Cat-Windows-mosaic_linknav-1-WindowsHome-es_es&activetab=pivot%3aoverviewtab",
    note = {[en línia]},
    urldate = {2021-03-15},
}

@ONLINE {VisualStudio,
    title = "Comprar Visual Studio - Business",
    organization = "Microsoft",
    url = "https://visualstudio.microsoft.com/es/vs/pricing/",
    note = {[en línia]},
    urldate = {2021-03-15},
}

@ONLINE {Qt,
    title = "Qt for Small Business",
    organization = "QT",
    url = "https://www.qt.io/qt-for-small-business",
    note = {[en línia]},
    urldate = {2021-03-15},
}